@article{Shillito_2021,
   title={Fast and differentiable simulation of driven quantum systems},
   volume={3},
   ISSN={2643-1564},
   url={http://dx.doi.org/10.1103/PhysRevResearch.3.033266},
   DOI={10.1103/physrevresearch.3.033266},
   number={3},
   journal={Physical Review Research},
   publisher={American Physical Society (APS)},
   author={Shillito, Ross and Gross, Jonathan A. and Di Paolo, Agustin and Genois, Élie and Blais, Alexandre},
   year={2021},
   month=sep }

@book{BRE02,
  added-at = {2009-03-03T17:19:04.000+0100},
  address = {Great Clarendon Street},
  author = {Breuer, H. P. and Petruccione, F.},
  biburl = {https://www.bibsonomy.org/bibtex/23ad90aa1e0cc98649fc4da0acdee3010/bronckobuster},
  interhash = {71f815893e05ff18aa81e34a829da11e},
  intrahash = {3ad90aa1e0cc98649fc4da0acdee3010},
  keywords = {imported},
  nota = {GK: excellent textbook!},
  publisher = {Oxford University Press},
  timestamp = {2009-03-03T17:19:11.000+0100},
  title = {The theory of open quantum systems},
  year = 2002
}

@phdthesis{mythesis,
  title        = {Simulation and optimization of superconducting qubit control and readout},
  author       = {Ross Shillito},
  year         = 2023,
  month        = {September},
  address      = {Sherbrooke, Québec, Canada},
  note         = {Available at \url{https://savoirs.usherbrooke.ca/handle/11143/20742}},
  school       = {Université de Sherbrooke},
  type         = {PhD thesis}
}
